@article{walker2010pioneer,
  title={A pioneer validation of a state-space model of vessel trajectories (VMS) with observersâ€™ data},
  author={Walker, Emily and Bez, Nicolas},
  journal={Ecological Modelling},
  volume={221},
  number={17},
  pages={2008--2017},
  year={2010},
  publisher={Elsevier}
}