@article{@MangelPlant:1985,
	author = {Mangel, Marc  and Plant, Richard E.},
	title = {Regulatory Mechanisms and Information Processing in Uncertain Fisheries},
	journal = {Marine Resource Economics},
	uuid = {D4860DFA-C08C-4BD0-BB29-A56F3799C0C1},
	volume = {1},
	number = {4},
	pages = {389-418},
	year = {1985},
	sentelink = {file://localhost/Users/emmafuller/Documents/Sente/Emma%27s%20reading/Mangel/Regulatory%20Mechanisms%20and%20Information%20Processing%20i.pdf,Sente,},
	url = {},
	keywords = {General fisheries;Humans explicitly},
	tags = {General fisheries;Humans explicitly},
	publicationStatus = {Published},
	Citation_identifier = {Mangel 1985}
}
@book{@GiraldeauCaraco:2000,
	author = {Giraldeau, L.  and Caraco, Thomas},
	title = {Social foraging theory},
	uuid = {29B460DF-B345-49B5-81F6-95CEED40B00E},
	publisher = {Princeton University Press},
	year = {2000},
	sentelink = {sente:///Emma%27s+reading/Giraldeau+2000,Sente,},
	url = {},
	Citation_identifier = {Giraldeau 2000},
	publicationStatus = {Published},
	Web_data_source = {Google Scholar}
}
