@article{sethi2014alaskan,
  title={Alaskan fishing community revenues and the stabilizing role of fishing portfolios},
  author={Sethi, Suresh Andrew and Reimer, Matthew and Knapp, Gunnar},
  journal={Marine Policy},
  volume={48},
  pages={134--141},
  year={2014},
  publisher={Elsevier}
}

@article{kasperski2013income,
  title={Income diversification and risk for fishermen},
  author={Kasperski, Stephen and Holland, Daniel S},
  journal={Proceedings of the National Academy of Sciences},
  volume={110},
  number={6},
  pages={2076--2081},
  year={2013},
  publisher={National Acad Sciences}
}

@article{rand1971objective,
  title={Objective criteria for the evaluation of clustering methods},
  author={Rand, William M},
  journal={Journal of the American Statistical association},
  volume={66},
  number={336},
  pages={846--850},
  year={1971},
  publisher={Taylor \& Francis Group}
}

@article{hubert1985comparing,
  title={Comparing partitions},
  author={Hubert, Lawrence and Arabie, Phipps},
  journal={Journal of classification},
  volume={2},
  number={1},
  pages={193--218},
  year={1985},
  publisher={Springer}
}

@incollection{santos2009use,
  title={On the use of the adjusted rand index as a metric for evaluating supervised classification},
  author={Santos, Jorge M and Embrechts, Mark},
  booktitle={Artificial Neural Networks--ICANN 2009},
  pages={175--184},
  year={2009},
  publisher={Springer}
}

@article{milligan1986study,
  title={A study of the comparability of external criteria for hierarchical cluster analysis},
  author={Milligan, Glenn W and Cooper, Martha C},
  journal={Multivariate Behavioral Research},
  volume={21},
  number={4},
  pages={441--458},
  year={1986},
  publisher={Taylor \& Francis}
}

@article{sethi2010risk,
  title={Risk management for fisheries},
  author={Sethi, Suresh A},
  journal={Fish and Fisheries},
  volume={11},
  number={4},
  pages={341--365},
  year={2010},
  publisher={Wiley Online Library}
}

@article{fletcher2005flexible,
  title={A flexible and practical framework for reporting on ecologically sustainable development for wild capture fisheries},
  author={Fletcher, WJ and Chesson, J and Sainsbury, KJ and Hundloe, TJ and Fisher, M},
  journal={Fisheries Research},
  volume={71},
  number={2},
  pages={175--183},
  year={2005},
  publisher={Elsevier}
}

@article{deporte2012regional,
  title={Regional m{\'e}tier definition: a comparative investigation of statistical methods using a workflow applied to international otter trawl fisheries in the North Sea},
  author={Deporte, Nicolas and Ulrich, Clara and Mah{\'e}vas, St{\'e}phanie and Deman{\`e}che, S{\'e}bastien and Bastardie, Francois},
  journal={ICES Journal of Marine Science: Journal du Conseil},
  pages={fsr197},
  year={2012},
  publisher={Oxford University Press}
}

@article{milner2012interactions,
  title={Interactions between human behaviour and ecological systems},
  author={Milner-Gulland, EJ},
  journal={Philosophical Transactions of the Royal Society B: Biological Sciences},
  volume={367},
  number={1586},
  pages={270--278},
  year={2012},
  publisher={The Royal Society}
}

@article{mace2014whose,
  title={Whose conservation?},
  author={Mace, Georgina M},
  journal={Science},
  volume={345},
  number={6204},
  pages={1558--1560},
  year={2014},
  publisher={American Association for the Advancement of Science}
}

@article{kondoh2003foraging,
  title={Foraging adaptation and the relationship between food-web complexity and stability},
  author={Kondoh, Michio},
  journal={Science},
  volume={299},
  number={5611},
  pages={1388--1391},
  year={2003},
  publisher={American Association for the Advancement of Science}
}

@article{rosvall2008maps,
  title={Maps of random walks on complex networks reveal community structure},
  author={Rosvall, Martin and Bergstrom, Carl T},
  journal={Proceedings of the National Academy of Sciences},
  volume={105},
  number={4},
  pages={1118--1123},
  year={2008},
  publisher={National Acad Sciences}
}

@article{rosvall2009map,
  title={The map equation},
  author={Rosvall, Martin and Axelsson, Daniel and Bergstrom, Carl T},
  journal={The European Physical Journal-Special Topics},
  volume={178},
  number={1},
  pages={13--23},
  year={2009},
  publisher={Springer}
}

@article{lucey2013operational,
  title={Operational fisheries in New England: Linking current fishing patterns to proposed ecological production units},
  author={Lucey, Sean M and Fogarty, Michael J},
  journal={Fisheries Research},
  volume={141},
  pages={3--12},
  year={2013},
  publisher={Elsevier}
}

@article{Tallis:2006fb,
author = {Tallis, Heather M and Kareiva, Peter},
title = {{Shaping global environmental decisions using socio-ecological models.}},
journal = {Trends in ecology {\&} evolution},
year = {2006},
volume = {21},
number = {10},
pages = {562--568},
month = oct
}

@article{Smith:2007is,
author = {Smith, A D M and Fulton, E J and Hobday, A J and Smith, D C and Shoulder, P},
title = {{Scientific tools to support the practical implementation of ecosystem-based fisheries management}},
journal = {ICES Journal of Marine Science},
year = {2007},
volume = {64},
number = {4},
pages = {633--639},
month = apr
}

@book{legendre2012numerical,
  title={Numerical ecology},
  author={Legendre, Pierre and Legendre, Loic FJ},
  volume={20},
  year={2012},
  publisher={Elsevier}
}

@article{larkin1996concepts,
  title={Concepts and issues in marine ecosystem management},
  author={Larkin, Peter Anthony},
  journal={Reviews in Fish Biology and Fisheries},
  volume={6},
  number={2},
  pages={139--164},
  year={1996},
  publisher={Springer}
}

@article{jensen2012marine,
  title={Marine fisheries as ecological experiments},
  author={Jensen, Olaf P and Branch, Trevor A and Hilborn, Ray},
  journal={Theoretical Ecology},
  volume={5},
  number={1},
  pages={3--22},
  year={2012},
  publisher={Springer}
}

@article{wilen1979fisherman,
  title={Fisherman behavior and the design of efficient fisheries regulation programs},
  author={Wilen, James E},
  journal={Journal of the Fisheries Board of Canada},
  volume={36},
  number={7},
  pages={855--858},
  year={1979},
  publisher={NRC Research Press}
}

@article{smith1986specialist,
  title={Specialist and generalist: roles for coping with variability},
  author={Smith, Courtland L and McKelvey, Robert},
  journal={North American Journal of Fisheries Management},
  volume={6},
  number={1},
  pages={88--99},
  year={1986},
  publisher={Taylor \& Francis}
}

@article{jentoft2000the,
author = {Jentoft, Svein},
title = {{The community: a missing link of fisheries management}},
journal = {Marine Policy},
year = {2000},
volume = {24},
pages = {53--59},
month = jan
}

@article{wilson2013cost,
  title={The cost of useful knowledge and collective action in three fisheries},
  author={Wilson, James A and Acheson, James M and Johnson, Teresa R},
  journal={Ecological Economics},
  volume={96},
  pages={165--172},
  year={2013},
  publisher={Elsevier}
}

@article{st2008mapping,
  title={Mapping community use of fisheries resources in the US Northeast},
  author={St. Martin, Kevin},
  journal={Journal of Maps},
  volume={4},
  number={1},
  pages={38--49},
  year={2008},
  publisher={Taylor \& Francis}
}

@article{vanputten2011theories,
author = {van Putten, Ingrid E and Kulmala, Soile and Th{\'e}baud, Olivier and Dowling, Natalie and Hamon, Katell G and Hutton, Trevor and Pascoe, Sean},
title = {{Theories and behavioural drivers underlying fleet dynamics models}},
journal = {Fish and Fisheries},
year = {2011},
volume = {13},
number = {2},
pages = {216--235},
month = jul
}



