@article{wessel1996global,
  title={A global, self-consistent, hierarchical, high-resolution shoreline database},
  author={Wessel, P{\aa}l and Smith, Walter HF},
  journal={Journal of Geophysical Research: Solid Earth (1978--2012)},
  volume={101},
  number={B4},
  pages={8741--8743},
  year={1996},
  publisher={Wiley Online Library}
}
