@article{Heller:1980,
	author = {Heller, Rolf},
	title = {On optimal diet in a patchy environment},
	journal = {Theoretical Population Biology},
	uuid = {828BBD25-D188-4947-BD00-4AB815985437},
	volume = {17},
	number = {2},
	pages = {201-214},
	publisher = {Elsevier},
	year = {1980},
	sentelink = {file://localhost/Users/emmafuller/Documents/Sente/Emma%27s%20reading/Heller/On%20optimal%20diet%20in%20a%20patchy%20environment%201980%20Theor.pdf,Sente,},
	sentelink = {sente:///Emma%27s+reading/@Heller:2000,Sente,},
	sentelink = {sente:///Emma%27s+reading/Heller:2000,Sente,},
	url = {},
	Citation_identifier = {Heller:2000},
	publicationStatus = {Published},
	Google_Scholar_BibTeX_export_key = {Cuza7SQk7tsJ},
	Web_data_source = {Google Scholar}
}
@article{Abramsetal:2012,
	author = {Abrams, Peter A.  and Ruokolainen, Lasse  and Shuter, Brian J.  and McCann, Kevin S.},
	title = {Harvesting creates ecological traps: consequences of invisible mortality risks in predator-prey metacommunities},
	journal = {Ecology},
	uuid = {76F842F9-3CD2-4A89-BE1D-01A8EC013C02},
	volume = {93},
	number = {2},
	pages = {281-293},
	publisher = {Eco Soc America},
	year = {2012},
	ISSN = {0012-9658},
	sentelink = {file://localhost/Users/emmafuller/Documents/Sente/Emma%27s%20reading/Abrams/Harvesting%20creates%20ecological%20traps%20consequences.pdf,Sente,},
	sentelink = {sente:///Emma%27s+reading/Abrams+2012,Sente,},
	url = {},
	keywords = {General fisheries},
	tags = {General fisheries},
	Citation_identifier = {Abramsetal:2012},
	publicationStatus = {Published},
	Google_Scholar_BibTeX_export_key = {GjKK4QlHbX8J},
	Web_data_source = {Google Scholar}
}
@book{GiraldeauCaraco:2000,
	author = {Giraldeau, L.  and Caraco, Thomas},
	title = {Social foraging theory},
	uuid = {29B460DF-B345-49B5-81F6-95CEED40B00E},
	publisher = {Princeton University Press},
	year = {2000},
	sentelink = {sente:///Emma%27s+reading/Giraldeau+2000,Sente,},
	url = {},
	Citation_identifier = {Giraldeau 2000},
	publicationStatus = {Published},
	Web_data_source = {Google Scholar}
}
