@article{Tallis:2006fb,
author = {Tallis, Heather M and Kareiva, Peter},
title = {{Shaping global environmental decisions using socio-ecological models.}},
journal = {Trends in ecology {\&} evolution},
year = {2006},
volume = {21},
number = {10},
pages = {562--568},
month = oct
}

@article{Smith:2007is,
author = {Smith, A D M and Fulton, E J and Hobday, A J and Smith, D C and Shoulder, P},
title = {{Scientific tools to support the practical implementation of ecosystem-based fisheries management}},
journal = {ICES Journal of Marine Science},
year = {2007},
volume = {64},
number = {4},
pages = {633--639},
month = apr
}

