@article{allen1986dynamics,
  title={Dynamics of discovery and exploitation: the case of the Scotian Shelf groundfish fisheries},
  author={Allen, Peter M and McGlade, Jacqueline M},
  journal={Canadian Journal of Fisheries and Aquatic Sciences},
  volume={43},
  number={6},
  pages={1187--1200},
  year={1986},
  publisher={NRC Research Press}
}