@incollection{steinbach2004challenges,
  title={The challenges of clustering high dimensional data},
  author={Steinbach, Michael and Ert{\"o}z, Levent and Kumar, Vipin},
  booktitle={New Directions in Statistical Physics},
  pages={273--309},
  year={2004},
  publisher={Springer}
}

@article{andreopoulos2009roadmap,
  title={A roadmap of clustering algorithms: finding a match for a biomedical application},
  author={Andreopoulos, Bill and An, Aijun and Wang, Xiaogang and Schroeder, Michael},
  journal={Briefings in Bioinformatics},
  volume={10},
  number={3},
  pages={297--314},
  year={2009},
  publisher={Oxford Univ Press}
}

@article{legendre2001ecologically,
  title={Ecologically meaningful transformations for ordination of species data},
  author={Legendre, Pierre and Gallagher, Eugene D},
  journal={Oecologia},
  volume={129},
  number={2},
  pages={271--280},
  year={2001},
  publisher={Springer}
}

@book{legendre2012numerical,
  title={Numerical ecology},
  author={Legendre, Pierre and Legendre, Loic FJ},
  volume={20},
  year={2012},
  publisher={Elsevier}
}

@article{grunbaum1998using,
  title={Using spatially explicit models to characterize foraging performance in heterogeneous landscapes},
  author={Grunbaum, Daniel},
  journal={The American Naturalist},
  volume={151},
  number={2},
  pages={97--113},
  year={1998},
  publisher={JSTOR}
}

@article{spiegel2013factors,
  title={Factors influencing foraging search efficiency: why do scarce lappet-faced vultures outperform ubiquitous white-backed vultures?},
  author={Spiegel, Orr and Getz, Wayne M and Nathan, Ran},
  journal={The American Naturalist},
  volume={181},
  number={5},
  pages={E102--E115},
  year={2013},
  publisher={JSTOR}
}

@article{grunbaum2003black,
  title={Black-browed albatrosses foraging on Antarctic krill: density-dependence through local enhancement?},
  author={Grunbaum, Daniel and Veit, Richard R},
  journal={Ecology},
  volume={84},
  number={12},
  pages={3265--3275},
  year={2003},
  publisher={Eco Soc America}
}

@article{mangel1994spatial,
  title={Spatial Patterning in Resource Exploitation and Conservation [and Discussion]},
  author={Mangel, Marc and Beddington, JR},
  journal={Philosophical Transactions of the Royal Society of London. Series B: Biological Sciences},
  volume={343},
  number={1303},
  pages={93--98},
  year={1994},
  publisher={The Royal Society}
}

@article{boonstra2014classifying,
  title={Classifying fishers' behaviour. An invitation to fishing styles},
  author={Boonstra, Wiebren J and Hentati-Sundberg, Jonas},
  journal={Fish and Fisheries},
  year={2014},
  publisher={Wiley Online Library}
}