@article{cade2003gentle,
  title={A gentle introduction to quantile regression for ecologists},
  author={Cade, Brian S and Noon, Barry R},
  journal={Frontiers in Ecology and the Environment},
  volume={1},
  number={8},
  pages={412--420},
  year={2003},
  publisher={Eco Soc America}
}